@article{Valente1999,
  author   = {Wagner Rodrigues Valente},
  title    = {Há 150 Anos Uma Querela sobre a Geometria Elementar no {B}rasil},
  subtitle = {Algumas Cenas dos Bastidores da Produção do Saber Escolar},
  journal  = {BOLEMA},
  year     = {1999},
  volume   = {12},
  issue    = {13},
  pages    = {44--61}
}

@book{Boyce2010,
  title     = {Equações {D}iferenciais elementares e {P}roblemas de {V}alor de {C}ontorno},
  author    = {W. Boyce and R. C. DiPrima},
  year      = {2010},
  edition   = {10},
  publisher = {LTC},
  address   = {Rio de Janeiro},
  pages     = {624}
}