@article{Valente1999,
  author = {Wagner Rodrigues Valente},
  title = {Há 150 Anos Uma Querela sobre a Geometria Elementar 
          no {B}rasil},
  subtitle = {algumas Cenas dos Bastidores da Produção do 
              Saber Escolar},
  journal = {BOLEMA},
  year = {1999},
  volume = {12},
  issue = {13},
  pages = {44--61}
}
@book{Boyce2010,
  title = {Equações {D}iferenciais elementares e 
  {P}roblemas de {V}alor de {C}ontorno},
  author = {W. Boyce and R. C. DiPrima},
  year = {2010},
  edition = {10},
  publisher = {LTC},
  address = {Rio de Janeiro},
  pages = {624}
}

@book{Strang2013,
  title = {Introdução à Álgebra Linear},
  author = {Gilbert Strang},
  year = {2013},
  edition = {4},
  publisher = {LTC},
  address = {Rio de Janeiro},
  pages = {166-167}
}

@book{Saviani1980,
  title = {Educação},
  author = {D. Saviani},
  year = {2013},
  edition = {1},
  publisher = {Cortez Autores Associados},
  address = {João Pessoa}
}


@phdthesis{Adleman1990Enabling,
  author = {{Leonard} {Adleman}},
  title = {Enabling the Transistor Using Secure Algorithms},
  school = {Stanford University},
  Month = mar,
  Year = 1990}

@Article{Sutherland2003UNIVAC,
  author = {{Ivan} {Sutherland} and {H}. {Nehru}},
  title = {The {UNIVAC} Computer No Longer Considered Harmful},
  journal = {{Journal} of Distributed Models},
  Month = jan,
  Year = 2003,
  Volume = 6,
  Pages = {153--196}}

@InProceedings{Taylor2003Influence,
  author = {{O}. {Taylor}},
  title = {The Influence of Concurrent Archetypes on Networking},
  booktitle = {{Proceedings} of {PODS}},
  Month = may,
  Year = 2003}

@InProceedings{Karthik2001Analysis,
  author = {{Karthik} {Lakshminarayanan}},
  title = {An Analysis of Forward-Error Correction Using {MollSextans}},
  booktitle = {{Proceedings} of the {Symposium} on Stable Configurations},
  Month = jun,
  Year = 2001}


